<record><leader>00000cas a22000007a 4500</leader><controlfield tag="001">9883317</controlfield><controlfield tag="008">830907d18311847nyuwr ne      0    0eng d</controlfield><datafield ind1=" " ind2=" " tag="010"><subfield code="a">sn 83031435 </subfield></datafield><datafield ind1=" " ind2=" " tag="040"><subfield code="a">NPU</subfield><subfield code="b">eng</subfield><subfield code="c">NPU</subfield><subfield code="d">NPX</subfield><subfield code="d">NYS</subfield><subfield code="d">OCL</subfield><subfield code="d">OCLCQ</subfield><subfield code="d">OCLCF</subfield><subfield code="d">OCLCO</subfield></datafield><datafield ind1="1" ind2=" " tag="029"><subfield code="a">AU@</subfield><subfield code="b">000020127540</subfield></datafield><datafield ind1=" " ind2=" " tag="042"><subfield code="a">msc</subfield></datafield><datafield ind1=" " ind2=" " tag="043"><subfield code="a">n-us-ny</subfield></datafield><datafield ind1="0" ind2="0" tag="245"><subfield code="a">Oxford Republican.</subfield></datafield><datafield ind1="3" ind2="0" tag="246"><subfield code="a">Oxford Republican, and Chenango County Democrat</subfield></datafield><datafield ind1=" " ind2=" " tag="260"><subfield code="a">Oxford, N.Y. :</subfield><subfield code="b">[William E. Chapman and T.T. Flagler]</subfield></datafield><datafield ind1=" " ind2=" " tag="300"><subfield code="a">v. ;</subfield><subfield code="c">59 cm.</subfield></datafield><datafield ind1=" " ind2=" " tag="310"><subfield code="a">Weekly</subfield></datafield><datafield ind1="1" ind2=" " tag="362"><subfield code="a">Began in 1831? Ceased with Oct. 13, 1847 issue.</subfield><subfield code="z">Cf. Faibisoff, S.G. Bibl. of newspapers in 14 N.Y. counties.</subfield></datafield><datafield ind1=" " ind2=" " tag="500"><subfield code="a">Published as: Oxford Republican, and Chenango County Democrat, &lt;Mar. 5-Apr. 23, 1841&gt;.</subfield></datafield><datafield ind1=" " ind2=" " tag="500"><subfield code="a">Publishers: William E. Chapman and T.T. Flagler, &lt;1834-1835&gt;; William E. Chapman, &lt;1836&gt;; Benj. Welch, Jr., &lt;1841&gt;; R.A. Leal, &lt;1842&gt;; C.E. Chamberlain, &lt;1843&gt;; R.A. Leal, &lt;1844&gt;; La F. Leal, &lt;1845&gt;.</subfield></datafield><datafield ind1=" " ind2=" " tag="500"><subfield code="a">"Democratic," &lt;1844-1847&gt;.</subfield></datafield><datafield ind1=" " ind2=" " tag="515"><subfield code="a">Issues for &lt;Mar. 5-Apr. 23, 1841&gt; numbered: New ser., v. 1, no. &lt;8-15&gt;.</subfield></datafield><datafield ind1=" " ind2=" " tag="588"><subfield code="a">Description based on: Vol. 4, no. 32 (Oct. 15, 1834).</subfield></datafield><datafield ind1=" " ind2="0" tag="651"><subfield code="a">Oxford (Chenango County, N.Y.)</subfield><subfield code="v">Newspapers.</subfield></datafield><datafield ind1=" " ind2="0" tag="651"><subfield code="a">Chenango County (N.Y.)</subfield><subfield code="v">Newspapers.</subfield></datafield><datafield ind1=" " ind2="7" tag="655"><subfield code="a">Newspapers.</subfield><subfield code="2">fast</subfield><subfield code="0">(OCoLC)fst01423814</subfield></datafield><datafield ind1=" " ind2="7" tag="651"><subfield code="a">New York (State)</subfield><subfield code="z">Chenango County.</subfield><subfield code="2">fast</subfield><subfield code="0">(OCoLC)fst01219273</subfield></datafield><datafield ind1=" " ind2="7" tag="651"><subfield code="a">New York (State)</subfield><subfield code="z">Oxford (Chenango County)</subfield><subfield code="2">fast</subfield><subfield code="0">(OCoLC)fst01313592</subfield></datafield><datafield ind1=" " ind2=" " tag="752"><subfield code="a">United States</subfield><subfield code="b">New York</subfield><subfield code="c">Chenango</subfield><subfield code="d">Oxford.</subfield></datafield><datafield ind1="0" ind2="0" tag="780"><subfield code="t">Chenango Republican, or Oxford gazette and people's advocate</subfield><subfield code="w">(DLC)sn 83031480</subfield></datafield><datafield ind1="0" ind2="7" tag="785"><subfield code="t">Norwich journal</subfield><subfield code="w">(DLC)sn 83031361</subfield></datafield><datafield ind1="0" ind2="7" tag="785"><subfield code="t">Chenango union</subfield><subfield code="w">(DLC)sn 83031360</subfield></datafield></record>